% This file was created with JabRef 2.5.
% Encoding: UTF8

@article{Tejwani2014,
  title={Sentiment Analysis: A Survey},
  author={Tejwani, Rahul},
  journal={Computer Science},
  year={2014},
}

@phdthesis{Zhang2016,
  title={基于深度学习的情感词向量及文本情感分析的研究},
  author={张志华},
  school={华东师范大学},
  year={2016},
}

@article{Liu2016,
  title={Sentiment Analysis and Opinion Mining},
  author={Liu, Bing},
  journal={Synthesis Lectures on Human Language Technologies},
  volume={30},
  number={1},
  pages={152-153},
  year={2016},
}

@article{Zhao2010,
  title={文本情感分析},
  author={赵妍妍 and 秦兵 and 刘挺},
  journal={软件学报},
  volume={21},
  number={8},
  pages={1834-1848},
  year={2010},
}

@book{Zong2013,
  title={统计自然语言处理},
  author={宗成庆},
  publisher={清华大学出版社},
  year={2013},
}

@inproceedings{Kim2006,
  title={Extracting Opinions, Opinion Holders, and Topics Expressed in Online News Media Text},
  author={Kim, Soo Min and Hovy, Eduard},
  booktitle={ACL Workshop on Sentiment and Subjectivity in Text},
  pages={1-8},
  year={2006},
}

@inproceedings{Tong2001,
  added-at = {2009-03-18T13:40:43.000+0100},
  author = {Tong, Richard M.},
  biburl = {http://www.bibsonomy.org/bibtex/292bf48938d4c270b3cb163bf961582be/om},
  booktitle = {Proceedings of the Workshop on Operational Text Classification (OTC)},
  interhash = {8b71f01e90ca9e706e564eb8edae6be7},
  intrahash = {92bf48938d4c270b3cb163bf961582be},
  keywords = {analysis mining opinion sentiment},
  timestamp = {2009-03-18T13:41:50.000+0100},
  title = {An Operational System for Detecting and Tracking Opinions in On-line
	Discussion},
  year = 2001
}

@article{bopang2002,
  added-at = {2014-10-10T12:18:25.000+0200},
  author = {Bo Pang, Lillian Lee und Shivakumar Vaithyanathan},
  biburl = {https://www.bibsonomy.org/bibtex/2df33dc24cf6a468fa650e9528a928993/marcelseer},
  interhash = {015d1d74d35a696be494bd9c82fabb81},
  intrahash = {df33dc24cf6a468fa650e9528a928993},
  keywords = {classification learning machine sentiment techniques},
  timestamp = {2014-10-10T12:18:25.000+0200},
  title = {Thumbs up? Sentiment Classification using Machine Learning
Techniques},
  year = 2002
}


@article{Wang2016,
  title={情感词典自动构建方法综述},
  author={王科 and 夏睿},
  journal={Acta Automatica Sinica},
  volume={42},
  number={4},
  pages={495-511},
  year={2016},
}

@inproceedings{huliu2004a,
  added-at = {2008-04-01T23:37:32.000+0200},
  address = {Seattle, Washington},
  author = {Hu, Minqing and Liu, Bing},
  biburl = {https://www.bibsonomy.org/bibtex/282987cbe5cd6018a2eee77e018c156ee/subjectivity},
  interhash = {fa4cfdb6168dd55d8fb419fef992c631},
  intrahash = {82987cbe5cd6018a2eee77e018c156ee},
  keywords = {subjectivity},
  pages = {168-177},
  timestamp = {2008-04-01T23:37:42.000+0200},
  title = {Mining and Summarizing Customer Reviews},
  year = 2004
}

@inproceedings{Kamps04a,
  author = {Kamps, Jaap and Marx, Maarten and Mokken, Robert J. and de Rijke, Maarten},
  booktitle = {LREC},
  interhash = {f6bbee09e78b71a9522cb26d58733ffc},
  intrahash = {1928f070b68fefa23e9d87f40c9c8711},
  title = {Using {WordNet} to measure semantic orientation of adjectives},
  year = 2004
}

@inproceedings{Kanayama2006,
  address = {Sydney, Australia},
  author = {Kanayama, Hiroshi and Nasukawa, Tetsuya},
  interhash = {dc8a3d42a0a0ea95d542052b17622367},
  intrahash = {79502dbdaf072e395728fb3def9eeb54},
  owner = {cem},
  pages = {355-363},
  timestamp = {2008.03.28},
  title = {Fully Automatic Lexicon Expansion for Domain-oriented Sentiment Analysis},
  year = 2006
}

@article{turneylittman2003,
  author = {Turney, Peter and Littman, Michael L.},
  interhash = {708d5f1f95bcc05a792d424f8f83afed},
  intrahash = {580e13092cd27f8e3606f8498c6f15bd},
  journal = {ACM Transactions on Information Systems (TOIS)},
  number = 4,
  pages = {315--346},
  title = {Measuring Praise and Criticism: {I}nference of Semantic Orientation
	from Association},
  volume = 21,
  year = 2003
}

@inproceedings{Esuli2007,
  author = {Esuli, Andrea and Sebastiani, Fabrizio},
  booktitle = {Proceedings of the Association for Computational Linguistics (ACL)},
  interhash = {169b32ba0f173fee8691aa90fb7f24ee},
  intrahash = {ca45931f0a773004ca9dc1034b1f917e},
  title = {PageRanking WordNet Synsets: An Application to Opinion Mining},
  year = 2007
}

@inproceedings{Tang2014b,
  author = {Tang, Duyu and Wei, Furu and Qin, Bing and Zhou, Ming and Liu, Ting},
  booktitle = {COLING},
  crossref = {conf/coling/2014},
  editor = {Hajic, Jan and Tsujii, Junichi},
  ee = {http://aclweb.org/anthology/C/C14/C14-1018.pdf},
  interhash = {4f96ddeb02180bdc905bf0b4f89e6100},
  intrahash = {6588e6afc3a4de543a24439c98911b8f},
  isbn = {978-1-941643-26-6},
  pages = {172-182},
  publisher = {ACL},
  title = {Building Large-Scale Twitter-Specific Sentiment Lexicon : A Representation Learning Approach.},
  url = {http://dblp.uni-trier.de/db/conf/coling/coling2014.html#TangWQZL14},
  year = 2014
}

@inproceedings{Choi2008,
  author = {Choi, Yejin and Cardie, Claire},
  booktitle = {EMNLP},
  crossref = {conf/emnlp/2008},
  date = {2009-04-16},
  ee = {http://www.aclweb.org/anthology/D08-1083},
  interhash = {f4793222f2e3f4dab93c063476d94e28},
  intrahash = {e1d918e6d2ac8c333c488cdf5aa453fb},
  pages = {793-801},
  publisher = {ACL},
  title = {Learning with Compositional Semantics as Structural Inference for Subsentential Sentiment Analysis.},
  url = {http://dblp.uni-trier.de/db/conf/emnlp/emnlp2008.html#ChoiC08},
  year = 2008
}

@inproceedings{Moilanen2007,
  address = {Borovets, Bulgaria},
  author = {Moilanen, Karo and Pulman, Stephen},
  booktitle = {Proceedings of RANLP 2007},
  interhash = {deebb444b0402c351f32ac426fe966cf},
  intrahash = {e8533eecee501c35c8e64c4be3386a4b},
  owner = {josefr},
  timestamp = {2008.03.24},
  title = {Sentiment Composition},
  year = 2007
}

@inproceedings{Liang2013,
  author = {Liang, Jiguang and Tan, Jianlong and Zhou, Xiaofei and Liu, Ping and Guo, Li and Bai, Shuo},
  booktitle = {Web Intelligence/IAT Workshops},
  crossref = {conf/iat/2013w},
  ee = {http://doi.ieeecomputersociety.org/10.1109/WI-IAT.2013.151},
  interhash = {94e484d4cbc25c3e10da715ff278e698},
  intrahash = {46e088216e7499b8fa4c8481df5a4da4},
  note = {978-1-4799-2902-3},
  pages = {62-65},
  publisher = {IEEE Computer Society},
  title = {Dependency Expansion Model for Sentiment Lexicon Extraction.},
  url = {http://dblp.uni-trier.de/db/conf/iat/iatw2013.html#LiangTZLGB13},
  year = 2013
}

@inproceedings{Baker79,
  author = {Baker, J. K.},
  booktitle = {Speech Communication Papers for the 97th Meeting of the
  Acoustical Society of America},
  editor = {Klatt, D. H. and Wolf, J. J.},
  interhash = {b32a645737512d22cb61647f07fcf91a},
  intrahash = {101b883e31b9a00e77ae367ef80143d9},
  pages = {547--550},
  title = {Trainable grammars for speech recognition},
  year = 1979
}

@incollection{Ford1982,
  address = {Cambridge, MA},
  author = {Ford, Marilyn and Bresnan, Joan and Kaplan, Ronald M.},
  booktitle = {The Mental Representation of Grammatical Relations},
  editor = {Bresnan, Joan},
  interhash = {a5fbe63871b584ec9ab176960ce8eac5},
  intrahash = {31e17ec08f13a1dfb0d45b26f55b5732},
  pages = {727--796},
  publisher = {MIT Press},
  title = {A competence-based theory of syntactic closure},
  year = 1982
}

@inproceedings{Klein2003,
  author = {Klein, Dan and Manning, Christopher D.},
  booktitle = {Proceedings of the 41st Annual Meeting of the Association for Computational
	Linguistics},
  editor = {Hinrichs, Erhard and Roth, Dan},
  file = {:Parsing\\[Klein, Dan - Manning, Christopher D.] Accurate Unlexicalized Parsing.pdf:PDF},
  interhash = {8646581febfbe19fd420c5523ad0b597},
  intrahash = {823699ff4d90b76e83bcae6d60201806},
  title = {Accurate Unlexicalized Parsing},
  year = 2003
}

@inproceedings{Pang2004,
  author = {Pang, Bo and Lee, Lillian},
  booktitle = {In Proceedings of the ACL},
  interhash = {bdbece23b14cf5689242ba3b6a77408f},
  intrahash = {e9dde7838284e93e9732dc9644f24767},
  pages = {271--278},
  title = {A sentimental education: Sentiment analysis using subjectivity summarization based on minimum cuts},
  year = 2004
}

@inproceedings{Nakagawa2010,
  author = {Nakagawa, Tetsuji and Inui, Kentaro and Kurohashi, Sadao},
  booktitle = {HLT-NAACL},
  crossref = {conf/naacl/2010},
  ee = {http://www.aclweb.org/anthology/N10-1120},
  interhash = {2cec9fe59f738f3f4f01e80accaec0c0},
  intrahash = {2b623c92df8fe7c7c5f878b8d205ce74},
  isbn = {978-1-932432-65-7},
  pages = {786-794},
  publisher = {The Association for Computational Linguistics},
  title = {Dependency Tree-based Sentiment Classification using CRFs with Hidden Variables.},
  url = {http://dblp.uni-trier.de/db/conf/naacl/naacl2010.html#NakagawaIK10},
  year = 2010
}

@inproceedings{Mullen2004,
  address = {Barcelona, Spain},
  author = {Mullen, Tony and Collier, Nigel},
  interhash = {393261a48e152656d126b2baf76af847},
  intrahash = {0cb641b0c62591f40a821f12a2ac9c52},
  owner = {cem},
  pages = {412-418},
  timestamp = {2008.03.27},
  title = {Sentiment Analysis Using Support Vector Machines with Diverse Information
	Sources},
  year = 2004
}

@book{Osgood1957,
  author = {Osgood, Charles E. and Suci, George J. and Tannenbaum, Percy H.},
  citeulike-article-id = {3925925},
  interhash = {216760495526652e4b1933843834c8f0},
  intrahash = {361bfe40281a3a44a76c4afd5ea7ea17},
  publisher = {University of Illinois Press},
  title = {The Measurement of Meaning},
  url = {http://books.google.com/books?id=Qj8GeUrKZdAC},
  year = 1957
}

@article{Kennedy2006,
  author = {Kennedy, Alistair and Inkpen, Diana},
  interhash = {ed00efb60978e043ad06cab3c4f2fc95},
  intrahash = {a1c46c7c23ed183adfb93679646cac64},
  journal = {Computational Intelligence},
  number = {2, Special Issue on Sentiment Analysis)},
  pages = {110-125},
  title = {Sentiment Classification of Movie Reviews Using Contextual Valence
	Shifters},
  volume = 22,
  year = 2006
}

@article{Abbasi2008,
  author = {Abbasi, Ahmed and Chen, Hsinchun and Salem, Arab},
  date = {2008-06-19},
  ee = {http://doi.acm.org/10.1145/1361684.1361685},
  interhash = {8b32ed3e63771cd43ef4f5e739ff0192},
  intrahash = {fec459654adee94b80ac768c93154db4},
  journal = {ACM Trans. Inf. Syst.},
  number = 3,
  title = {Sentiment analysis in multiple languages: Feature selection for opinion classification in Web forums.},
  url = {http://dblp.uni-trier.de/db/journals/tois/tois26.html#AbbasiCS08},
  volume = 26,
  year = 2008
}

@inproceedings{Do2015,
  author = {Do, Hyo Jin and Choi, Ho-Jin},
  booktitle = {BigComp},
  crossref = {conf/bigcomp/2015},
  ee = {http://doi.ieeecomputersociety.org/10.1109/35021BIGCOMP.2015.7072847},
  interhash = {84472d05850c4314ab86df29c2d36753},
  intrahash = {90544bef37e72634c76eb8d23a45ff57},
  isbn = {978-1-4799-7303-3},
  pages = {39-42},
  publisher = {IEEE Computer Society},
  title = {Sentiment analysis of real-life situations using location, people and time as contextual features.},
  url = {http://dblp.uni-trier.de/db/conf/bigcomp/bigcomp2015.html#DoC15},
  year = 2015
}

@inproceedings{Lin2010,
  author = {Lin, Chenghua and He, Yulan and Everson, Richard},
  booktitle = {CoNLL},
  crossref = {conf/conll/2010},
  editor = {Lapata, Mirella and Sarkar, Anoop},
  ee = {http://aclweb.org/anthology/W/W10/W10-2918.pdf},
  interhash = {4a4997a4e85fa02f814449219b49604f},
  intrahash = {485203362a4f93e806053a1c1d33b3b4},
  isbn = {978-1-932432-83-1},
  pages = {144-152},
  publisher = {ACL},
  title = {A Comparative Study of Bayesian Models for Unsupervised Sentiment Detection.},
  url = {http://dblp.uni-trier.de/db/conf/conll/conll2010.html#LinHE10},
  year = 2010
}

@inproceedings{Davidov2010,
  abstract = {Sarcasm is a form of speech act in whichthe speakers convey their message in animplicit way. The inherently ambiguousnature of sarcasm sometimes makes it hardeven for humans to decide whether an ut-terance is sarcastic or not. Recognition ofsarcasm can benefit many sentiment analy-sis NLP applications, such as review sum-marization, dialogue systems and reviewranking systems.In this paper we experiment with semi-supervised sarcasm identification on twovery different data sets: a collection of5.9 million tweets collected from Twit-ter, and a collection of 66000 product re-views from Amazon. Using the Mechani-cal Turk we created a gold standard sam-ple in which each sentence was tagged by3 annotators, obtaining F-scores of 0.78 onthe product reviews dataset and 0.83 onthe Twitter dataset. We discuss the dif-ferences between the datasets and how thealgorithm uses them (e.g., for the Amazondataset the algorithm makes use of struc-tured information). We also discuss theutility of Twitter \#sarcasm hashtags for thetask},
  author = {Davidov, Dmitry and Tsur, Oren and Rappoport, Ari},
  booktitle = {Proceeding of the 23rd international conference on Computational Linguistics (COLING)},
  citeulike-article-id = {7494705},
  interhash = {40458c63ab1ddfa3227d84180fae3885},
  intrahash = {3facd1e82022c3595f09929340f6395c},
  month = {July},
  posted-at = {2010-07-15 20:42:31},
  priority = {2},
  title = {Semi-Supervised Recognition of Sarcastic Sentences in Twitter and Amazon},
  year = 2010
}

@inproceedings{Riloff2003,
  address = {Edmonton, Canada},
  author = {Riloff, Ellen and Wiebe, Janyce and Wilson, Theresa},
  interhash = {cea7566e2739cfedda7ef2f77b1fb48e},
  intrahash = {5445ac76fdd876c6a1680cdf155d90ed},
  pages = {25-32},
  title = {Learning Subjective Nouns Using Extraction Pattern Bootstrapping},
  year = 2003
}

@inproceedings{Su2009,
  author = {Su, Fangzhong and Markert, Katja},
  booktitle = {HLT-NAACL},
  crossref = {conf/naacl/2009},
  date = {2010-06-04},
  ee = {http://www.aclweb.org/anthology/N09-1001},
  interhash = {557b04604a9cf3f526587d8c8bedd4b5},
  intrahash = {0c2cba1ea4b5ab9116a13946ed0f3391},
  isbn = {978-1-932432-41-1},
  pages = {1-9},
  publisher = {The Association for Computational Linguistics},
  title = {Subjectivity Recognition on Word Senses via Semi-supervised Mincuts.},
  url = {http://dblp.uni-trier.de/db/conf/naacl/naacl2009.html#SuM09},
  year = 2009
}

@article{Bengio2003,
  author = {Bengio, Yoshua and Ducharme, R{\'e}jean and Vincent, Pascal and Jauvin, Christian},
  interhash = {bf81b6a8cc97f11ef433f533743ff448},
  intrahash = {ccfb2a2c8eaf5947f0b2c0d634b97091},
  journal = {JMLR},
  pages = {1137--1155},
  title = {A neural probabilistic language model},
  year = 2003
}

@inproceedings{mikolov2013,
  added-at = {2016-04-04T12:53:11.000+0200},
  author = {Mikolov, Tomas and Yih, Wen-tau and Zweig, Geoffrey},
  biburl = {https://www.bibsonomy.org/bibtex/2b7a129bf7263d5b98caedcf4cb6f43a1/thoni},
  booktitle = {HLT-NAACL},
  interhash = {14a567771d9ce43df2e38d88cbfc251f},
  intrahash = {b7a129bf7263d5b98caedcf4cb6f43a1},
  keywords = {deeplearning linguistic regularities thema thema:word_embeddings},
  pages = {746--751},
  timestamp = {2016-09-06T08:23:07.000+0200},
  title = {Linguistic Regularities in Continuous Space Word Representations.},
  year = 2013
}

@article{mikolov2013b,
  added-at = {2015-11-09T17:49:31.000+0100},
  author = {Mikolov, Tomas and Chen, Kai and Corrado, Greg and Dean, Jeffrey},
  biburl = {https://www.bibsonomy.org/bibtex/24a3db34a5744ad8a2704d42f0ef00905/scheuerpflug},
  interhash = {e92df552b17e9f952226a893b84ad739},
  intrahash = {4a3db34a5744ad8a2704d42f0ef00905},
  journal = {arXiv preprint arXiv:1301.3781},
  keywords = {language modelling skipgram thema:deepwalk},
  timestamp = {2015-11-09T17:49:31.000+0100},
  title = {Efficient estimation of word representations in vector space},
  year = 2013
}

@article{collobert2011,
  acmid = {2078186},
  author = {Collobert, Ronan and Weston, Jason and Bottou, L{\'e}on and Karlen, Michael and Kavukcuoglu, Koray and Kuksa, Pavel},
  interhash = {c1e968fc1903e842ab3c638cd5ffca61},
  intrahash = {05ed99f1d54e33204e6407254ab4379c},
  issn = {1532-4435},
  issue_date = {11/1/2011},
  journal = {J. Mach. Learn. Res.},
  month = nov,
  numpages = {45},
  pages = {2493--2537},
  publisher = {JMLR.org},
  title = {Natural Language Processing (Almost) from Scratch},
  url = {http://dl.acm.org/citation.cfm?id=2078183.2078186},
  volume = 999888,
  year = 2011
}

@inproceedings{Tang2014c,
  address = {Baltimore, Maryland},
  author = {Tang, Duyu and Wei, Furu and Yang, Nan and Zhou, Ming and Liu, Ting and Qin, Bing},
  booktitle = {Proceedings of the 52nd Annual Meeting of the Association for Computational Linguistics (Volume 1: Long Papers)},
  interhash = {a3dbf98519349e9128c52e5107009b32},
  intrahash = {9b65d58bc10b8ee22ee0e7a30b01d10c},
  month = {June},
  pages = {1555--1565},
  publisher = {Association for Computational Linguistics},
  title = {Learning Sentiment-Specific Word Embedding for Twitter Sentiment Classification},
  url = {http://www.aclweb.org/anthology/P14-1146},
  year = 2014
}

@inproceedings{Socher2011,
  author = {Socher, Richard and Pennington, Jeffrey and Huang, Eric H. and Ng, Andrew Y. and Manning, Christopher D.},
  booktitle = {EMNLP},
  crossref = {conf/emnlp/2011},
  ee = {http://www.aclweb.org/anthology/D11-1014},
  interhash = {cdfd9e7faba405e3ffbccfc305fa45e6},
  intrahash = {f8f3223a935cc956504d9bb2de1c8d6f},
  isbn = {978-1-937284-11-4},
  pages = {151-161},
  publisher = {ACL},
  title = {Semi-Supervised Recursive Autoencoders for Predicting Sentiment Distributions.},
  url = {http://dblp.uni-trier.de/db/conf/emnlp/emnlp2011.html#SocherPHNM11},
  year = 2011
}

@inproceedings{Socher2012,
  author = {Socher, Richard and Huval, Brody and Manning, Christopher D. and Ng, Andrew Y.},
  booktitle = {EMNLP-CoNLL},
  crossref = {conf/emnlp/2012},
  editor = {Tsujii, Jun'ichi and Henderson, James and Pasca, Marius},
  ee = {http://www.aclweb.org/anthology/D12-1110},
  interhash = {19b292f766ca460a0cacf87aec92e8f1},
  intrahash = {d1d9282cc8ec17bea1ac54960ee304bf},
  isbn = {978-1-937284-43-5},
  pages = {1201-1211},
  publisher = {ACL},
  title = {Semantic Compositionality through Recursive Matrix-Vector Spaces.},
  url = {http://dblp.uni-trier.de/db/conf/emnlp/emnlp2012.html#SocherHMN12},
  year = 2012
}

@inproceedings{Socher2013,
  author = {Socher, Richard and Perelygin, Alex and Wu, Jean Y and Chuang, Jason and Manning, Christopher D and Ng, Andrew Y and Potts, Christopher},
  booktitle = {Proceedings of the conference on empirical methods in natural language processing (EMNLP)},
  interhash = {0a028a358a4d64a7fe8adc574f8427c1},
  intrahash = {de9dfb80f5da61041e97d80061895f2d},
  organization = {Citeseer},
  pages = 1642,
  title = {Recursive deep models for semantic compositionality over a sentiment treebank},
  volume = 1631,
  year = 2013
}

@inproceedings{Bespalov2011,
  author = {Bespalov, Dmitriy and Bai, Bing and Qi, Yanjun and Shokoufandeh, Ali},
  booktitle = {CIKM},
  crossref = {conf/cikm/2011},
  editor = {Macdonald, Craig and Ounis, Iadh and Ruthven, Ian},
  ee = {http://doi.acm.org/10.1145/2063576.2063635},
  interhash = {6e8e5aed984894f74cd3acc22dabefb9},
  intrahash = {a5f4eb3dc5c91052c2733e0daa715fdc},
  isbn = {978-1-4503-0717-8},
  pages = {375-382},
  publisher = {ACM},
  title = {Sentiment classification based on supervised latent n-gram analysis.},
  url = {http://dblp.uni-trier.de/db/conf/cikm/cikm2011.html#BespalovBQS11},
  year = 2011
}

@inproceedings{CaoXC15,
  author = {Cao, Yuhui and Xu, Ruifeng and Chen, Tao},
  booktitle = {SMP},
  crossref = {conf/smp/2015},
  editor = {Zhang, Xichun and Sun, Maosong and Wang, Zhenyu and Huang, Xuanjing},
  ee = {https://doi.org/10.1007/978-981-10-0080-5_13},
  interhash = {ee630f1844899e1c4fba0b93bdfb8a80},
  intrahash = {f3c0116a5db294b07c648e397998b3ce},
  isbn = {978-981-10-0080-5},
  pages = {144-155},
  publisher = {Springer},
  series = {Communications in Computer and Information Science},
  title = {Combining Convolutional Neural Network and Support Vector Machine for Sentiment Classification.},
  url = {http://dblp.uni-trier.de/db/conf/smp/smp2015.html#CaoXC15},
  volume = 568,
  year = 2015
}

@inproceedings{seq2seq2014,
  author = {Sutskever, Ilya and Vinyals, Oriol and Le, Quoc V.},
  booktitle = {NIPS},
  crossref = {conf/nips/2014},
  editor = {Ghahramani, Zoubin and Welling, Max and Cortes, Corinna and Lawrence, Neil D. and Weinberger, Kilian Q.},
  ee = {http://papers.nips.cc/paper/5346-sequence-to-sequence-learning-with-neural-networks},
  interhash = {f051dfa019b32d710821fc5b4219bd49},
  intrahash = {8e544cd9d9b7f64efa929acb4dc6a48f},
  pages = {3104-3112},
  title = {Sequence to Sequence Learning with Neural Networks.},
  url = {http://dblp.uni-trier.de/db/conf/nips/nips2014.html#SutskeverVL14},
  year = 2014
}

@article{attention2014,
  author = {Bahdanau, Dzmitry and Cho, Kyunghyun and Bengio, Yoshua},
  interhash = {bb2ca011eeafccb0bd2505c9476dcd10},
  intrahash = {0d6b4e471c01b5a1d0be959d2f74494d},
  journal = {arXiv preprint arXiv:1409.0473},
  title = {Neural machine translation by jointly learning to align and translate},
  year = 2014
}

@misc{ansjwiki,
  author = {孙健},
  title = {Ansj Wiki},
  howpublished = {\url{https://github.com/NLPchina/ansj_seg/wiki}}
}

@misc{hownet,
  author = {知网},
  title = {《知网》更新公告},
  howpublished = {\url{http://www.keenage.com/html/c_bulletin_2007.htm}}
}

@misc{sentiwordnet,
  author = {Esuli, Andrea and Sebastiani, Fabrizio},
  interhash = {12da884807d2866aa148cde8b036d2c4},
  intrahash = {5231975d0967b9b51502fa03d87d106b},
  title = {SENTIWORDNET: A Publicly Available Lexical Resource for Opinion Mining},
  url = {citeseer.ist.psu.edu/esuli06sentiwordnet.html},
  year = 2006
}

@inproceedings{sentiwordnet3,
  author = {Baccianella, Stefano and Esuli, Andrea and Sebastiani, Fabrizio},
  bibdate = {2010-06-02},
  bibsource = {DBLP,
		 http://dblp.uni-trier.de/db/conf/lrec/lrec2010.html#BaccianellaES10},
  booktitle = {LREC},
  editor = {Calzolari, Nicoletta and Choukri, Khalid and Maegaard, Bente and Mariani, Joseph and Odijk, Jan and Piperidis, Stelios and Rosner, Mike and Tapias, Daniel},
  interhash = {7748a62884b1a03aecd0e8891e254c08},
  intrahash = {986c088d4f974bb4e057f2cedbcd63a3},
  isbn = {2-9517408-6-7},
  publisher = {European Language Resources Association},
  title = {SentiWordNet 3.0: An Enhanced Lexical Resource for
		 Sentiment Analysis and Opinion Mining},
  url = {http://nmis.isti.cnr.it/sebastiani/Publications/LREC10.pdf},
  year = 2010
}

@inproceedings{huliu2004a,
  address = {Seattle, Washington},
  author = {Hu, Minqing and Liu, Bing},
  interhash = {fa4cfdb6168dd55d8fb419fef992c631},
  intrahash = {82987cbe5cd6018a2eee77e018c156ee},
  pages = {168-177},
  title = {Mining and Summarizing Customer Reviews},
  year = 2004
}

@inproceedings{huliu05a,
  author = {Liu, Bing and Hu, Minqing and Cheng, Junsheng},
  booktitle = {Proceedings of WWW},
  interhash = {f53e72227bda5d86798d4f1cc41d764f},
  intrahash = {922c1a6c50575fbc14b23f9463371db8},
  location = {Chiba, Japan},
  title = {Opinion Observer: Analyzing and Comparing Opinions on the Web},
  year = 2005
}

@misc{mpqa,
   author = "pit",
   title = "Subjectivity Lexicon",
   howpublished = {\url{http://mpqa.cs.pitt.edu/lexicons/subj_lexicon/}}
}

@inproceedings{corenlp,
  author = {Manning, Christopher D. and Surdeanu, Mihai and Bauer, John and Finkel, Jenny Rose and Bethard, Steven and McClosky, David},
  booktitle = {ACL (System Demonstrations)},
  crossref = {conf/acl/2014-d},
  ee = {http://aclweb.org/anthology/P/P14/P14-5010.pdf},
  interhash = {7393490b9aff4e7db81441b792a2bbde},
  intrahash = {79454f98b6743bd7f110a148044b661a},
  isbn = {978-1-941643-00-6},
  pages = {55-60},
  publisher = {The Association for Computer Linguistics},
  title = {The Stanford CoreNLP Natural Language Processing Toolkit.},
  url = {http://dblp.uni-trier.de/db/conf/acl/acl2014-d.html#ManningSBFBM14},
  year = 2014
}

@book{Cha93,
  address = {Cambridge MA},
  author = {Charniak, E.},
  interhash = {654f421111baa357d85244c30cbac577},
  intrahash = {6dcaa41af94bd8a97936cf1f17e8284a},
  publisher = {MIT Press},
  title = {{Statistical Language Learning}},
  year = 1993
}

@inproceedings{Klein2003b,
  author = {Klein, Dan and Manning, Christopher D.},
  booktitle = {Proceedings of the 41st Annual Meeting of the Association for Computational
	Linguistics},
  editor = {Hinrichs, Erhard and Roth, Dan},
  file = {:Parsing\\[Klein, Dan - Manning, Christopher D.] Accurate Unlexicalized Parsing.pdf:PDF},
  interhash = {8646581febfbe19fd420c5523ad0b597},
  intrahash = {823699ff4d90b76e83bcae6d60201806},
  title = {Accurate Unlexicalized Parsing},
  year = 2003
}


@inproceedings{Klein2003a,
  author = {Klein, Dan and Manning, Christopher D.},
  booktitle = {In Advances in Neural Information Processing Systems 15 (NIPS)},
  file = {:Parsing\\[Klein, Dan - Manning, Christopher D.] Fast Exact Inference with a Factored Model for Natural Language Parsing.pdf:PDF},
  interhash = {76d3574dbc9f6182b06b5776d658bcd1},
  intrahash = {63ac89a6c41257b789d88d720aeda93f},
  owner = {Christian},
  timestamp = {2009.07.18},
  title = {Fast Exact Inference with a Factored Model for Natural Language Parsing},
  year = 2003
}

@inproceedings{LevyM03,
  author = {Levy, Roger and Manning, Christopher D.},
  booktitle = {ACL},
  crossref = {conf/acl/2003},
  editor = {Hinrichs, Erhard W. and Roth, Dan},
  ee = {http://acl.ldc.upenn.edu/acl2003/main/pdfs/Levy.pdf},
  interhash = {1e663f1596b093baaa52259b92f2da81},
  intrahash = {d4dc13c70111ccbd61ea58d5e4bad6d8},
  pages = {439-446},
  publisher = {ACL},
  title = {Is it Harder to Parse Chinese, or the Chinese Treebank?},
  url = {http://dblp.uni-trier.de/db/conf/acl/acl2003.html#LevyM03},
  year = 2003
}


@inproceedings{Marneffe06,
  author = {de Marneffe, Marie-Catherine and MacCartney, Bill and Manning, Christopher D.},
  booktitle = {LREC},
  interhash = {4bc6b36e59f42e52b235507aca13199d},
  intrahash = {eebfa8ea98b57038c7ab6b564fb1a6b2},
  title = {Generating Typed Dependency Parses from Phrase Structure Trees},
  url = {http://nlp.stanford.edu/pubs/LREC06_dependencies.pdf},
  year = 2006
}

@phdthesis{Zhang2011,
  author = {Zhang, Junfeng},
  interhash = {d88149665878a4aa7455950e959a14e2},
  intrahash = {dffc6abba05e07c233b3a7b0a4b34383},
  mendeley-tags = {Diplomatic discourse,International Relations,Translation},
  pages = 333,
  school = {City University of Hong Kong },
  title = {{The implicitness constructed and translated in diplomatic discourse: a perspective from grammatical metaphor }},
  url = {http://dspace.cityu.edu.hk/handle/2031/6517},
  year = 2011
}

@inproceedings{ChenM14,
  author = {Chen, Danqi and Manning, Christopher D.},
  booktitle = {EMNLP},
  crossref = {conf/emnlp/2014},
  editor = {Moschitti, Alessandro and Pang, Bo and Daelemans, Walter},
  ee = {http://aclweb.org/anthology/D/D14/D14-1082.pdf},
  interhash = {e08a7da69d52afd646b3af40698d3788},
  intrahash = {86d2761c23f0bec4ed1d1581f3ac5455},
  isbn = {978-1-937284-96-1},
  pages = {740-750},
  publisher = {ACL},
  title = {A Fast and Accurate Dependency Parser using Neural Networks.},
  url = {http://dblp.uni-trier.de/db/conf/emnlp/emnlp2014.html#ChenM14},
  year = 2014
}

@inproceedings{SocherBMN13,
  author = {Socher, Richard and Bauer, John and Manning, Christopher D. and Ng, Andrew Y.},
  booktitle = {ACL (1)},
  crossref = {conf/acl/2013-1},
  ee = {http://aclweb.org/anthology/P/P13/P13-1045.pdf},
  interhash = {a22e78c0cb216f07be7b18d3737ee402},
  intrahash = {47df860741f8185281cf9f5020bf68b0},
  isbn = {978-1-937284-50-3},
  pages = {455-465},
  publisher = {The Association for Computer Linguistics},
  title = {Parsing with Compositional Vector Grammars.},
  url = {http://dblp.uni-trier.de/db/conf/acl/acl2013-1.html#SocherBMN13},
  year = 2013
}

@inproceedings{Nivre16,
  author = {Nivre, Joakim and de Marneffe, Marie-Catherine and Ginter, Filip and Goldberg, Yoav and Hajic, Jan and Manning, Christopher D. and McDonald, Ryan T. and Petrov, Slav and Pyysalo, Sampo and Silveira, Natalia and Tsarfaty, Reut and Zeman, Daniel},
  booktitle = {LREC},
  crossref = {conf/lrec/2016},
  editor = {Calzolari, Nicoletta and Choukri, Khalid and Declerck, Thierry and Goggi, Sara and Grobelnik, Marko and Maegaard, Bente and Mariani, Joseph and Mazo, Hélène and Moreno, Asunción and Odijk, Jan and Piperidis, Stelios},
  ee = {http://www.lrec-conf.org/proceedings/lrec2016/summaries/348.html},
  interhash = {7bae66f38d35af249328bba1e3b8ad3f},
  intrahash = {8614530a21d5f8ebb495a36f1a2c4aff},
  publisher = {European Language Resources Association (ELRA)},
  title = {Universal Dependencies v1: A Multilingual Treebank Collection.},
  url = {http://dblp.uni-trier.de/db/conf/lrec/lrec2016.html#NivreMGGHMMPPST16},
  year = 2016
}

@inproceedings{SchusterM16,
  author = {Schuster, Sebastian and Manning, Christopher D.},
  booktitle = {LREC},
  crossref = {conf/lrec/2016},
  editor = {Calzolari, Nicoletta and Choukri, Khalid and Declerck, Thierry and Goggi, Sara and Grobelnik, Marko and Maegaard, Bente and Mariani, Joseph and Mazo, Hélène and Moreno, Asunción and Odijk, Jan and Piperidis, Stelios},
  ee = {http://www.lrec-conf.org/proceedings/lrec2016/summaries/779.html},
  interhash = {e1b65361cace221a242235f3bdd381a7},
  intrahash = {f910c326e492fbdc5323ff9c51308ac3},
  publisher = {European Language Resources Association (ELRA)},
  title = {Enhanced English Universal Dependencies: An Improved Representation for Natural Language Understanding Tasks.},
  url = {http://dblp.uni-trier.de/db/conf/lrec/lrec2016.html#SchusterM16},
  year = 2016
}

@techreport{ml2006,
  author = {Mitchell, Tom},
  interhash = {fb1a95a1334ab8be85ffb2749ca10d8b},
  intrahash = {55bb706fdd667a0d0a76b78b46f6fabe},
  number = {CMU ML-06 108},
  title = {The discipline of machine learning},
  year = 2006
}



@book{deeplearning2016,
    title={Deep Learning},
    author={Ian Goodfellow and Yoshua Bengio and Aaron Courville},
    publisher={MIT Press},
    note={\url{http://www.deeplearningbook.org}},
    year={2016}
}

@article{adagrad,
  title={Adaptive Subgradient Methods for Online Learning and Stochastic Optimization},
  author={Duchi, John and Hazan, Elad and Singer, Yoram},
  journal={Journal of Machine Learning Research},
  volume={12},
  number={7},
  pages={2121-2159},
  year={2011},
}

@article{adadelta,
  title={ADADELTA: An Adaptive Learning Rate Method},
  author={Zeiler, Matthew D},
  journal={Computer Science},
  year={2012},
}

@article{adam,
  title={Adam: A Method for Stochastic Optimization},
  author={Kingma, Diederik P and Ba, Jimmy},
  journal={Computer Science},
  year={2014},
}


@article{lstm1997,
  author = {Hochreiter, Sepp and Schmidhuber, Juergen},
  interhash = {0692b471c4b9ae65d00affebc09fb467},
  intrahash = {31445729f4a8f2406cfc3f6c7121245a},
  number = 8,
  owner = {thierry},
  pages = {1735--1780},
  timestamp = {2009.04.18},
  title = {Long Short-Term Memory},
  volume = 9,
  year = 1997
}
@comment{jabref-meta: selector_publisher:}

@comment{jabref-meta: selector_author:}

@comment{jabref-meta: selector_journal:}

@comment{jabref-meta: selector_keywords:}

